@article {milnor,
AUTHOR = {Milnor, John},
TITLE = {Algebraic {$K$}-theory and quadratic forms},
JOURNAL = {Invent. Math.},
FJOURNAL = {Inventiones Mathematicae},
VOLUME = {9},
YEAR = {1969/1970},
PAGES = {318--344},
ISSN = {0020-9910},
MRCLASS = {18.20 (10.00)},
MRNUMBER = {0260844 (41 \#5465)},
MRREVIEWER = {H. Bass},
}

@article {kerzdipl,
AUTHOR = {Kerz, Moritz},
TITLE = {Der Gerstenkomplex der Milnor {$K$}-Theorie},
YEAR = {2005},
MONTH = {Sep},
INSTITUTION = {Institut für Mathematik, Johannes Gutenberg-Universität},
LOCATION = {Mainz},
TYPE = {Diplomarbeit},
URL = {http://www.mathematik.uni-regensburg.de/kerz/dipl.pdf},
}


@article {kerz,
AUTHOR = {Kerz, Moritz},
TITLE = {The {G}ersten conjecture for {M}ilnor {$K$}-theory},
JOURNAL = {Invent. Math.},
FJOURNAL = {Inventiones Mathematicae},
VOLUME = {175},
YEAR = {2009},
NUMBER = {1},
PAGES = {1--33},
ISSN = {0020-9910},
CODEN = {INVMBH},
MRCLASS = {19D45 (14C15 19E15)},
MRNUMBER = {2461425 (2010i:19004)},
MRREVIEWER = {Claudio Pedrini},
DOI = {10.1007/s00222-008-0144-8},
URL = {http://dx.doi.org/10.1007/s00222-008-0144-8},
}

@book {MR3076731,
AUTHOR = {Weibel, Charles A.},
TITLE = {The {$K$}-book},
SERIES = {Graduate Studies in Mathematics},
VOLUME = {145},
NOTE = {An introduction to algebraic $K$-theory},
PUBLISHER = {American Mathematical Society, Providence, RI},
YEAR = {2013},
PAGES = {xii+618},
ISBN = {978-0-8218-9132-2},
MRCLASS = {19-01},
MRNUMBER = {3076731},
MRREVIEWER = {L. N. Vaserstein}
}

@online {uniulm,
AUTHOR = {Kirschmer, Markus},
TITLE = {Bewertungsringe, Dedekindringe, diskrete Bewertungen und gebrochene Ideale},
TITLEADDON = {Skript},
DATE = {2004-12-21},
URL = {http://www.mathematik.uni-ulm.de/ReineMath/mitarbeiter/koenigsmann/ws04/files/kirschmer.pdf},
LANGUAGE = {german},
ORGANIZATION = {Universität Ulm}
}

@book {MR1282290,
AUTHOR = {Rosenberg, Jonathan},
TITLE = {Algebraic {$K$}-theory and its applications},
SERIES = {Graduate Texts in Mathematics},
VOLUME = {147},
PUBLISHER = {Springer-Verlag, New York},
YEAR = {1994},
PAGES = {x+392},
ISBN = {0-387-94248-3},
MRCLASS = {19-01 (19-02)},
MRNUMBER = {1282290 (95e:19001)},
MRREVIEWER = {Dominique Arlettaz},
DOI = {10.1007/978-1-4612-4314-4},
URL = {http://dx.doi.org/10.1007/978-1-4612-4314-4}
}

@book {MR3012586,
AUTHOR = {Bosch, Siegfried},
TITLE = {Algebraic geometry and commutative algebra},
SERIES = {Universitext},
PUBLISHER = {Springer, London},
YEAR = {2013},
PAGES = {x+504},
ISBN = {978-1-4471-4828-9; 978-1-4471-4829-6},
MRCLASS = {13-01 (14-01)},
MRNUMBER = {3012586},
MRREVIEWER = {C{\'{\i}}cero Carvalho},
DOI = {10.1007/978-1-4471-4829-6},
URL = {http://dx.doi.org/10.1007/978-1-4471-4829-6},
}
